<?xml version="1.0" encoding="UTF-8"?><record xmlns="http://www.loc.gov/MARC21/slim" xmlns:cinclude="http://apache.org/cocoon/include/1.0" xmlns:zs="http://www.loc.gov/zing/srw/">
  <leader>00472nz  a2200133n  4500</leader>
  <controlfield tag="001">no2006016518</controlfield>
  <controlfield tag="003">DLC</controlfield>
  <controlfield tag="005">20060216051811.0</controlfield>
  <controlfield tag="008">060214n| acannaabn          |n ana     c</controlfield>
  <datafield tag="010" ind1=" " ind2=" ">
    <subfield code="a">no2006016518</subfield>
  </datafield>
  <datafield tag="035" ind1=" " ind2=" ">
    <subfield code="a">(OCoLC)oca06856258</subfield>
  </datafield>
  <datafield tag="040" ind1=" " ind2=" ">
    <subfield code="a">InU</subfield>
    <subfield code="b">eng</subfield>
    <subfield code="c">InU</subfield>
  </datafield>
  <datafield tag="110" ind1="2" ind2=" ">
    <subfield code="a">Phi Alpha Theta.</subfield>
    <subfield code="b">Delta Epsilon Chapter (Indiana University)</subfield>
  </datafield>
  <datafield tag="670" ind1=" " ind2=" ">
    <subfield code="a">Phi Alpha Theta, Delta Epsilon Chapter records, 1949-1963</subfield>
    <subfield code="b">(Delta Epsilon Chapter of Phi Alpha Theta established at Ind. Univ. in 1951)</subfield>
  </datafield>
</record>